% !TeX root = ../main.tex

%% This BibTeX bibliography file was created using BibDesk.
%% https://bibdesk.sourceforge.io/

%% Created for Don Sheehy at 2021-07-12 14:17:50 -0400


%% Saved with string encoding Unicode (UTF-8)



@article{desilva06coordinate,
	author = {Vin De Silva and Robert Ghrist},
	date-added = {2021-07-12 14:17:02 -0400},
	date-modified = {2021-07-12 14:17:02 -0400},
	journal = {Int. J. Rob. Res.},
	number = {12},
	pages = {1205--1222},
	title = {Coordinate-free Coverage in Sensor Networks with Controlled Boundaries via Homology},
	volume = {25},
	year = {2006},
	Bdsk-Url-1 = {http://dx.doi.org/10.1177/0278364906072252}}

@inproceedings{desilva05blind,
	author = {Vin de Silva and Robert Ghrist and Abubakr Muhammad},
	booktitle = {Robotics: Science and Systems},
	date-added = {2021-07-12 14:16:59 -0400},
	date-modified = {2021-07-12 14:16:59 -0400},
	pages = {335--342},
	title = {Blind Swarms for Coverage in {2-D}},
	year = {2005},
	Bdsk-Url-1 = {http://www.roboticsproceedings.org/rss01/p44.html}}

@book{spanier66algebraic,
	author = {Edwin H. Spanier},
	publisher = {Springer New York},
	title = {Algebraic Topology},
	year = {1966}}

@book{munkres84elements,
	author = {James R. Munkres},
	publisher = {Addison-Wesley Publishing Company},
	title = {Elements of Algebraic Topology},
	year = {1984}}

@book{munkres00topology,
	author = {Munkres, J.R.},
	isbn = {9780131816299},
	lccn = {99052942},
	publisher = {Prentice Hall, Incorporated},
	series = {Featured Titles for Topology},
	title = {Topology},
	url = {https://books.google.com/books?id=XjoZAQAAIAAJ},
	year = {2000},
	Bdsk-Url-1 = {https://books.google.com/books?id=XjoZAQAAIAAJ}}

@book{kozlov07combinatorial,
	author = {Kozlov, Dimitry},
	publisher = {Springer Science \& Business Media},
	title = {Combinatorial algebraic topology},
	volume = {21},
	year = {2007}}

@book{spanier1989algebraic,
	author = {Spanier, Edwin H},
	publisher = {Springer Science \& Business Media},
	title = {Algebraic topology},
	year = {1989}}

@book{hatcher01,
	author = {Allen Hatcher},
	date-added = {2015-02-19 02:40:20 +0000},
	date-modified = {2015-02-19 02:40:20 +0000},
	publisher = {Cambridge University Press},
	title = {Algebraic Topology},
	year = {2001}}

@article{julian83alexander,
	author = {William Julian and Ray Mines and Fred Richman},
	journal = {Pacific J. Math},
	number = {1},
	pages = {115--127},
	title = {Alexander Duality},
	volume = {106},
	year = {1983}}

@misc{chazal13structure,
	archiveprefix = {arXiv},
	author = {Frederic Chazal and Vin de Silva and Marc Glisse and Steve Oudot},
	eprint = {1207.3674},
	primaryclass = {math.AT},
	title = {The structure and stability of persistence modules},
	year = {2013}}

@inproceedings{edelsbrunner12alexander,
	author = {Herbert Edelsbrunner and Michael Kerber},
	booktitle = {SoCG '12: Proceedings of the twenty-eighth annual symposium on Computational geometry},
	date-added = {2020-11-25 09:17:39 -0500},
	date-modified = {2020-11-25 09:21:16 -0500},
	keywords = {Persistent homology and Alexander Duality},
	pages = {249--258},
	title = {Alexander Duality for Functions: the persistent behavior of land and water and shore},
	year = {2012}}

@misc{akyildiz02survey,
	author = {Lan F. Akyildiz and Welljan Su and Yogesh Sankarasubramaniam and Erdal Cayirci},
	title = {A Survey on Sensor Networks},
	year = {2002}}

@inproceedings{buchet15topological,
	author = {Micka{\"e}l Buchet and Fr{\'e}d{\'e}ric Chazal and Tamal K. Dey and Fengtao Fan and Steve Y. Oudot and Yusu Wang},
	booktitle = {31st International Symposium on Computational Geometry (SoCG 2015)},
	pages = {827--841},
	publisher = {Schloss Dagstuhl--Leibniz-Zentrum fuer Informatik},
	series = {Leibniz International Proceedings in Informatics (LIPIcs)},
	title = {Topological Analysis of Scalar Fields with Outliers},
	volume = {34},
	year = {2015}}

@inproceedings{chazal05weak,
	author = {Fr{\'e}d{\'e}ric Chazal and Andr{\'e} Lieutier},
	booktitle = {Proceedings of the 21st {ACM} Symposium on Computational Geometry},
	date-added = {2010-06-04 11:10:42 -0400},
	date-modified = {2011-07-27 02:44:46 -0400},
	keywords = {Homology Inference and Persistence},
	pages = {255--262},
	title = {Weak Feature Size and Persistent Homology: Computing Homology of Solids in ${R}^n$ from Noisy Data Samples},
	year = {2005}}

@inproceedings{chazal06sampling,
	acmid = {1137904},
	address = {New York, NY, USA},
	author = {Fr{\'e}d{\'e}ric Chazal and David Cohen-Steiner and Andr{\'e} Lieutier},
	booktitle = {Proceedings of the Twenty-second Annual Symposium on Computational Geometry},
	doi = {10.1145/1137856.1137904},
	isbn = {1-59593-340-9},
	keywords = {distance function, sampling, surface and manifold reconstruction},
	location = {Sedona, Arizona, USA},
	numpages = {8},
	pages = {319--326},
	publisher = {ACM},
	series = {SCG '06},
	title = {A Sampling Theory for Compact Sets in Euclidean Space},
	url = {http://doi.acm.org/10.1145/1137856.1137904},
	year = {2006},
	Bdsk-Url-1 = {http://doi.acm.org/10.1145/1137856.1137904},
	Bdsk-Url-2 = {http://dx.doi.org/10.1145/1137856.1137904}}

@inproceedings{chazal08towards,
	acmid = {1377719},
	address = {New York, NY, USA},
	author = {Chazal, Fr{\'e}d{\'e}ric and Oudot, Steve Yann},
	booktitle = {Proceedings of the Twenty-fourth Annual Symposium on Computational Geometry},
	doi = {10.1145/1377676.1377719},
	isbn = {978-1-60558-071-5},
	keywords = {cech complex, filtration, manifold reconstruction, persistent homology, rips complex, witness complex},
	location = {College Park, MD, USA},
	numpages = {10},
	pages = {232--241},
	publisher = {ACM},
	series = {SCG '08},
	title = {Towards Persistence-based Reconstruction in Euclidean Spaces},
	url = {http://doi.acm.org/10.1145/1377676.1377719},
	year = {2008},
	Bdsk-Url-1 = {http://doi.acm.org/10.1145/1377676.1377719},
	Bdsk-Url-2 = {http://dx.doi.org/10.1145/1377676.1377719}}

@inproceedings{chazal09analysis,
	author = {F. Chazal and L. J. Guibas and S. Y. Oudot and P. Skraba},
	booktitle = {Proc. 19th ACM-SIAM Sympos. on Discrete Algorithms},
	pages = {1021--1030},
	title = {Analysis of Scalar Fields over Point Cloud Data},
	year = {2009}}

@article{chazal09sampling,
	author = {Chazal, Fr{\'e}d{\'e}ric and Cohen-Steiner, David and Lieutier, Andr{\'e}},
	journal = {Discrete \& Computational Geometry},
	number = {3},
	pages = {461--479},
	publisher = {Springer},
	title = {A sampling theory for compact sets in Euclidean space},
	volume = {41},
	year = {2009}}

@article{chazal11scalar,
	author = {Fr{\'e}d{\'e}ric Chazal and Leonidas J. Guibas and Steve Y. Oudot and Primoz Skraba},
	journal = {Discrete {\&} Computational Geometry},
	number = {4},
	pages = {743--775},
	title = {Scalar Field Analysis over Point Cloud Data},
	volume = {46},
	year = {2011}}

@article{chazal13persistence,
	author = {Fr{\'e}d{\'e}ric Chazal Chazal and Leonidas J. Guibas and Steve Y. Oudot and Primoz Skraba},
	journal = {J. {ACM}},
	number = {6:41},
	pages = {97--106},
	title = {Persistence-Based Clustering in Riemannian Manifolds},
	volume = {60},
	year = {2013}}

@inproceedings{ghrist05coverage,
	author = {Robert Ghrist and Abubakr Muhammad},
	booktitle = {Fourth International Conference on Information Processing in Sensor Networks (IPSN'05), UCLA},
	pages = {254--260},
	title = {Coverage and Hole-detection in Sensor Networks via Homology},
	year = {2005}}

@article{desilva07homological,
	author = {Vin de Silva and Robert Ghrist},
	journal = {Notices Amer. Math. Soc.},
	keywords = {Persistence},
	number = {1},
	pages = {10--17},
	title = {Homological Sensor Networks},
	volume = {54},
	year = {2007}}

@article{desilva07coverage,
	author = {Vin de Silva and Robert Ghrist},
	journal = {Algebraic \& Geometric Topology},
	keywords = {Persistence},
	pages = {339--358},
	title = {Coverage in Sensor Networks via Persistent Homology},
	volume = {7},
	year = {2007}}

@article{desilva11duality,
	abstract = {We consider sequences of absolute and relative homology and cohomology groups that arise naturally for a filtered cell complex.
		We establish algebraic relationships between their persistence modules, and show that they contain equivalent information.
		We explain how one can use the existing algorithm for persistent homology to process any of the four modules, and relate it to a recently introduced persistent cohomology algorithm.
		We present experimental evidence for the practical efficiency of the latter algorithm.},
	author = {Vin de Silva and Dmitriy Morozov and Mikael Vejdemo-Johansson},
	doi = {10.1088/0266-5611/27/12/124003},
	journal = {Inverse Problems},
	month = {nov},
	number = {12},
	pages = {124003},
	publisher = {{IOP} Publishing},
	title = {Dualities in persistent (co)homology},
	url = {https://doi.org/10.1088%2F0266-5611%2F27%2F12%2F124003},
	volume = {27},
	year = 2011,
	Bdsk-Url-1 = {https://doi.org/10.1088%2F0266-5611%2F27%2F12%2F124003},
	Bdsk-Url-2 = {https://doi.org/10.1088/0266-5611/27/12/124003}}

@article{tahbaz10distributed,
	author = {Alireza Tahbaz-Salehi and Ali Jadbabaie},
	journal = {Automatic Control, IEEE Transactions on},
	pages = {1837--1849},
	title = {Distributed Coverage Verification in Sensor Networks Without Location Information},
	volume = {55},
	year = {2010}}

@article{gao11geometric,
	author = {Gao, Jie and Guibas, Leonidas},
	doi = {10.1098/rsta.2011.0215},
	isbn = {1471-2962},
	issn = {1364-503X},
	journal = {Philosophical Transactions of the Royal Society of London A: Mathematical, Physical and Engineering Sciences},
	number = {1958},
	pages = {27--51},
	publisher = {The Royal Society},
	title = {Geometric algorithms for sensor networks},
	volume = {370},
	year = {2011},
	Bdsk-Url-1 = {http://dx.doi.org/10.1098/rsta.2011.0215}}

@article{dlotko12distributed,
	author = {Pawe{\l} D{\l}otko and Robert Ghrist and Mateusz Juda and Marian Mr{\'o}zek},
	date-modified = {2015-02-19 03:10:46 +0000},
	doi = {10.1007/s00200-012-0167-7},
	journal = {Applicable Algebra in Engineering, Communication and Computing},
	pages = {29--58},
	publisher = {Springer-Verlag},
	title = {Distributed computation of coverage in sensor networks by homological methods},
	volume = {23},
	year = {2012},
	Bdsk-Url-1 = {http://dx.doi.org/10.1007/s00200-012-0167-7}}

@article{munch12failure,
	author = {Elizabeth Munch and Michael Shapiro and John Harer},
	date-added = {2012-05-07 20:51:32 +0200},
	date-modified = {2012-05-07 20:52:33 +0200},
	journal = {International Journal of Robotics Research},
	title = {Failure Filtrations for Fenced Sensor Networks},
	year = {2012}}

@article{gamble12applied,
	author = {Jennifer Gamble, Harish Chintakunta, and Hamid Krim},
	journal = {Signal Processing and Communications (SPCOM), 2012 International Conference},
	pages = {1--5},
	title = {Applied Topology in Static and Dynamic Sensor Networks},
	year = {2011}}

@article{gamble14coordinate,
	author = {Jennifer Gamble and Harish Chintakunta and Hamid Krim},
	date-added = {2015-01-10 03:02:59 +0000},
	date-modified = {2015-01-12 20:30:55 +0000},
	journal = {CoRR},
	title = {Coordinate-Free Quantification of Coverage in Dynamic Sensor Networks},
	url = {http://arxiv.org/abs/1411.7337},
	volume = {abs/1411.7337},
	year = {2014},
	Bdsk-Url-1 = {http://arxiv.org/abs/1411.7337}}

@article{adams13evasion,
	author = {Henry Adams and Gunnar Carlsson},
	journal = {International Journal of Robotics Research 34 (2014)},
	pages = {90--104},
	title = {Evasion Paths in Mobile Sensor Networks},
	year = {2013}}

@inproceedings{grove93critical,
	author = {Karsten Grove},
	booktitle = {Proceedings of the Symposia in Pure Mathematics},
	date-added = {2015-07-03 17:49:31 +0000},
	date-modified = {2015-07-03 17:50:46 +0000},
	title = {Critical point theory for distance functions},
	volume = {54},
	year = {1993}}

@inproceedings{cavanna2017when,
	address = {USA},
	author = {Cavanna, Nicholas J. and Gardner, Kirk P. and Sheehy, Donald R.},
	booktitle = {Proceedings of the Twenty-Eighth Annual ACM-SIAM Symposium on Discrete Algorithms},
	location = {Barcelona, Spain},
	numpages = {12},
	pages = {2679--2690},
	title = {When and Why the Topological Coverage Criterion Works},
	year = {2017}}

@article{cohensteiner07stability,
	abstract = {The persistence diagram of a real-valued function on a topological space is a multiset of points in the extended plane. We prove that under mild assumptions on the function, the persistence diagram is stable:  small changes in the function imply only small changes in the diagram. We apply this result to estimating the homology of sets in a metric space and to comparing and classifying geometric shapes.},
	author = {Cohen-Steiner, David and Edelsbrunner, Herbert and Harer, John},
	day = {01},
	doi = {10.1007/s00454-006-1276-5},
	issn = {1432-0444},
	journal = {Discrete {\&} Computational Geometry},
	month = {Jan},
	number = {1},
	pages = {103--120},
	title = {Stability of Persistence Diagrams},
	url = {https://doi.org/10.1007/s00454-006-1276-5},
	volume = {37},
	year = {2007},
	Bdsk-Url-1 = {https://doi.org/10.1007/s00454-006-1276-5}}

@inproceedings{chazal09proximity,
	acmid = {1542407},
	address = {New York, NY, USA},
	author = {Chazal, Fr{\'e}d{\'e}ric and Cohen-Steiner, David and Glisse, Marc and Guibas, Leonidas J. and Oudot, Steve Y.},
	booktitle = {Proceedings of the Twenty-fifth Annual Symposium on Computational Geometry},
	doi = {10.1145/1542362.1542407},
	isbn = {978-1-60558-501-7},
	keywords = {discretization, persistence diagram, stability, topological data analysis, topological persistence},
	location = {Aarhus, Denmark},
	numpages = {10},
	pages = {237--246},
	publisher = {ACM},
	series = {SCG '09},
	title = {Proximity of Persistence Modules and Their Diagrams},
	url = {http://doi.acm.org/10.1145/1542362.1542407},
	year = {2009},
	Bdsk-Url-1 = {http://doi.acm.org/10.1145/1542362.1542407},
	Bdsk-Url-2 = {https://doi.org/10.1145/1542362.1542407}}

@article{edelsbrunner02simplification,
	abstract = {We formalize a notion of topological simplification within the framework of a filtration, which is the history of a growing complex. We classify a topological change that happens during growth as either a feature or noise depending on its lifetime or persistence within the filtration. We give fast algorithms for computing persistence and experimental evidence for their speed and utility.},
	author = {Edelsbrunner and Letscher and Zomorodian},
	day = {01},
	doi = {10.1007/s00454-002-2885-2},
	issn = {1432-0444},
	journal = {Discrete {\&} Computational Geometry},
	month = {Nov},
	number = {4},
	pages = {511--533},
	title = {Topological Persistence and Simplification},
	url = {https://doi.org/10.1007/s00454-002-2885-2},
	volume = {28},
	year = {2002},
	Bdsk-Url-1 = {https://doi.org/10.1007/s00454-002-2885-2}}

@misc{palser2019excision,
	archiveprefix = {arXiv},
	author = {Megan Palser},
	eprint = {1910.03348},
	primaryclass = {math.AT},
	title = {An Excision Theorem for Persistent Homology},
	year = {2019}}

@article{zomorodian05computing,
	abstract = {We show that the persistent homology of a filtered d-dimensionalsimplicial complex is simply the standard homology of a particular graded module over a polynomial ring.Our analysis establishes the existence of a simple description ofpersistent homology groups over arbitrary fields.It also enables us to derive a naturalalgorithm for computing persistent homology of spaces in arbitrary dimension over any field.This result generalizes and extends the previously knownalgorithm that was restricted to subcomplexes of S3 andZ2 coefficients.Finally, our study implies the lack of a simple classification over non-fields.Instead, we give an algorithm for computing individualpersistent homology groups over an arbitrary principal ideal domain in any dimension.},
	author = {Zomorodian, Afra and Carlsson, Gunnar},
	day = {01},
	doi = {10.1007/s00454-004-1146-y},
	issn = {1432-0444},
	journal = {Discrete {\&} Computational Geometry},
	month = {Feb},
	number = {2},
	pages = {249--274},
	title = {Computing Persistent Homology},
	url = {https://doi.org/10.1007/s00454-004-1146-y},
	volume = {33},
	year = {2005},
	Bdsk-Url-1 = {https://doi.org/10.1007/s00454-004-1146-y}}

@inproceedings{skraba14approximating,
	acmid = {2634087},
	address = {Philadelphia, PA, USA},
	author = {Skraba, Primoz and Wang, Bei},
	booktitle = {Proceedings of the Twenty-fifth Annual ACM-SIAM Symposium on Discrete Algorithms},
	isbn = {978-1-611973-38-9},
	location = {Portland, Oregon},
	numpages = {19},
	pages = {174--192},
	publisher = {Society for Industrial and Applied Mathematics},
	series = {SODA '14},
	title = {Approximating Local Homology from Samples},
	url = {http://dl.acm.org/citation.cfm?id=2634074.2634087},
	year = {2014},
	Bdsk-Url-1 = {http://dl.acm.org/citation.cfm?id=2634074.2634087}}

@inproceedings{lewis15parallel,
	author = {Ryan H. Lewis and Dmitriy Morozov},
	booktitle = {Proceedings of the Annual Symposium on Parallelism in Algorithms and Architectures},
	date-added = {2016-06-29 15:57:44 +0000},
	date-modified = {2016-06-29 15:57:44 +0000},
	pages = {323--331},
	title = {Parallel Computation of Persistent Homology using the Blowup Complex},
	year = {2015}}

@article{zomorodian08localized,
	author = {Afra Zomorodian and Gunnar Carlsson},
	date-added = {2016-06-29 15:55:52 +0000},
	date-modified = {2016-06-29 15:55:52 +0000},
	journal = {Computational Geometry: Theory and Applications},
	keywords = {Persistence},
	number = {3},
	pages = {126--148},
	title = {Localized Homology},
	volume = {41},
	year = {2008}}

@article{niyogi08finding,
	author = {Partha Niyogi and Stephen Smale and Shmuel Weinberger},
	date-added = {2015-02-19 03:11:39 +0000},
	date-modified = {2015-02-19 03:11:39 +0000},
	journal = {Discrete \& Computational Geometry},
	keywords = {Persistence},
	number = {1-3},
	pages = {419-441},
	title = {Finding the Homology of Submanifolds with High Confidence from Random Samples},
	volume = {39},
	year = {2008}}

@article{niyogi11topological,
	author = {Partha Niyogi and Stephen Smale and Shmuel Weinberger},
	date-added = {2015-02-19 03:11:39 +0000},
	date-modified = {2015-02-19 03:11:39 +0000},
	journal = {{SIAM} J. Comput.},
	number = {3},
	pages = {646--663},
	title = {A Topological View of Unsupervised Learning from Noisy Data},
	volume = {40},
	year = {2011},
	Bdsk-Url-1 = {http://dx.doi.org/10.1137/090762932}}

@misc{morozov12dionysus,
	author = {Morozov, Dmitriy},
	title = {Dionysus},
	year = {2012}}


@article{cohen09extending,
	author = {Cohen-Steiner, David and Edelsbrunner, Herbert and Harer, John},
	journal = {Foundations of Computational Mathematics},
	number = {1},
	pages = {79--103},
	publisher = {Springer},
	title = {Extending persistence using Poincar{\'e} and Lefschetz duality},
	volume = {9},
	year = {2009}}

@article{carlsson2010zigzag,
  title={Zigzag persistence},
  author={Carlsson, Gunnar and De Silva, Vin},
  journal={Foundations of computational mathematics},
  volume={10},
  number={4},
  pages={367--405},
  year={2010},
  publisher={Springer}
}

@article{lesnick2015theory,
  title={The theory of the interleaving distance on multidimensional persistence modules},
  author={Lesnick, Michael},
  journal={Foundations of Computational Mathematics},
  volume={15},
  number={3},
  pages={613--650},
  year={2015},
  publisher={Springer}
}

@inproceedings{carlsson2009computing,
  title={Computing multidimensional persistence},
  author={Carlsson, Gunnar and Singh, Gurjeet and Zomorodian, Afra},
  booktitle={International Symposium on Algorithms and Computation},
  pages={730--739},
  year={2009},
  organization={Springer}
}
